@ARTICLE{bardi1,
  title= {Hamilton-Jacobi equations with singular boundary conditions on a free boundary and applications to differential games},
  author= {M. Bardi and P. Soravia},
  journal= {Transactions of the American Mathematical Society},
  volume= 325,
  number= 1,
  pages= "205--229",
  year= 1991,
}

@INCOLLECTION{bardi2,
   author = "M. Bardi and P. Soravia and M. Falcone",
   title = "Fully discrete schemes for the value function of pursuit-evasion games",
   editor = "T. Basar and A. Haurie",
   booktitle = "Advances in Dynamic Games and Applications, part II",
   pages = "89--105",
   publisher = "Birkh{\"a}user Boston",
   year = 1994,
}

@BOOK{fuden,
   author = "D. Fudenberg and J. Tirole",
   title = "Game Theory",
   publisher = "The MIT Press",
   address = "Cambridge, Massachusetts",
   year = 1991,
}

@BOOK{bert,
   author = "D. Bertsekas",
   title = "Dynamic Programming and Optimal Control, Volume 1",
   publisher = "Athena Scientific",
   address = "Belmont, Massachusetts",
   year = 2005,
}

@ARTICLE{Gorod,
   author = {A. Gorodetsky and S. Karaman and Y. Marzouk},
   title = {Efficient high-dimensional stochastic optimal motion control using tensor-train decomposition},
   journal = {Robotics: Science and Systems},
   year = 2015,
}

@BOOK{isaacs,
   author = "R. Isaacs",
   title = "Differential Games",
   publisher = "Wiley",
   address = "Chichester",
   year = 1965,
}

@ARTICLE{Osel1,
  title= {Tensor-Train Decomposition},
  author= {I.V. Oseledets},
  journal= {SIAM Journal on Scientific Computing},
  volume= 33,
  number= 5,
  pages= "2295--2317",
  year= 2011,
}

@ARTICLE{Osel2,
  title= {TT-cross approximation for multidimensional arrays},
  author= {I.V. Oseledets and E. Tyrtyshnikov},
  journal= {Linear Algebra and its Applications},
  volume= 432,
  number= 2010,
  pages= "70--88",
  year= 2009,
}

@ARTICLE{Osel3,
  title= {Solution of Linear Systems and Matrix Inversion in the TT-Format},
  author= {I. V. Oseledets and S. V. Dolgov},
  journal= {SIAM Journal on Scientific Computing},
  volume= 34,
  number= 5,
  pages= "A2718--A2739",
  year= 2012,
}

@ARTICLE{dubins,
  title= {On Curves of Minimal Length with a Constraint on Average Curvature, and with Prescribed Initial and Terminal Positions and Tangents},
  author= {L.E. Dubins},
  journal= {American Journal of Mathematics},
  volume= 79,
  number= 3,
  pages= "497--516",
  year= 1957,
}
@BOOK{basar,
   author = "T. Basar and G. Olsder",
   title = "Dynamic Noncooperative Game Theory, 2nd Edition",
   publisher = "Society for Industrial and Applied Mathematics",
   address = "New York",
   year = 1998,
}

@INCOLLECTION{karaman,
   author = "S. Karaman and E. Frazzoli",
   title = "Incremental Sampling-Based Algorithms for a Class of Pursuit-Evasion Games",
   editor = " David Hsu and Volkan Isler and Jean-Claude Latombe and Ming C. Lin",
   booktitle = "Algorithmic Foundations of Robotics IX: Selected Contributions of the Ninth International Workshop on the Algorithmic Foundations of Robotics",
   pages = "71--87",
   publisher = "Springer Berlin Heidelberg",
   address = "Berlin, Heidelberg",
   year = 2011,
}

@INPROCEEDINGS{tomlin1,
   author = "H. Huang and J. Ding and W. Zhang and C. J. Tomlin",
   title = "A differential game approach to planning in adversarial scenarios: A case study on capture-the-flag",
   booktitle = "Robotics and Automation (ICRA), 2011 IEEE International Conference ",
   pages = "1451--1456",
   year = 2011,
}

@ARTICLE{tomlin2,
  title= {Automation-Assisted Capture-the-Flag: A Differential Game Approach},
  author= {H. Huang and J. Ding and W. Zhang and C. J. Tomlin},
  journal= {IEEE Transactions on Control Systems Technology},
  volume= 23,
  number= 3,
  pages= "1014--1028",
  year= 2015,
}